/Users/wolfgang/repos/bib-file/gng.bib