/Users/wolfgang/repos/bib-file/mdolab.bib